% ------------------------------------------------------------------------
% BIBLIOGRAFIA
% ------------------------------------------------------------------------

@online{www1,
  title   = {Strona internetowa Flutter docs},
  url     = {https://docs.flutter.dev/},
  urldate = {2024-01-11}
}

@online{www2,
  title   = {Strona internetowa Github Copilot},
  url     = {https://github.com/features/copilot},
  urldate = {2024-01-11}
}

@online{www3,
  title   = {Strona internetowa Visual Studio Code},
  url     = {https://code.visualstudio.com/},
  urldate = {2024-01-11}
}

@online{www4,
  title   = {Strona internetowa RiverPod},
  url     = {https://riverpod.dev/},
  urldate = {2024-01-11}
}

@online{www5,
  title   = {Paczka flutter Google Fonts},
  url     = {https://pub.dev/packages/google_fonts},
  urldate = {2024-01-11}
}

@online{www6,
  title   = {Paczka flutter Google Fonts},
  url     = {https://pub.dev/packages/google_fonts},
  urldate = {2024-01-11}
}

@online{www7,
  title   = {Paczka flutter Google Nav Bar},
  url     = {https://pub.dev/packages/google_nav_bar},
  urldate = {2024-01-11}
}

@online{www8,
  title   = {Paczka flutter Table Calendar},
  url     = {https://pub.dev/packages/table_calendar},
  urldate = {2024-01-11}
}

@online{www9,
  title   = {Paczka flutter Intl},
  url     = {https://pub.dev/packages/intl},
  urldate = {2024-01-11}
}

@online{www10,
  title   = {Paczka flutter Shared Preferences},
  url     = {https://pub.dev/packages/shared_preferences},
  urldate = {2024-01-11}
}

@online{www11,
  title   = {Paczka flutter Image Picker},
  url     = {https://pub.dev/packages/image_picker},
  urldate = {2024-01-11}
}

@online{www12,
  title   = {Paczka flutter Local Auth},
  url     = {https://pub.dev/packages/local_auth},
  urldate = {2024-01-11}
}

@online{www13,
  title   = {Strona Internetowa wd.mateuszbasiaga.pl},
  url     = {https://wd.mateuszbasiaga.pl/login},
  urldate = {2024-01-11}
}

@online{www14,
  title   = {Strona internetowa Git},
  url     = {https://git-scm.com/doc},
  urldate = {2024-01-11}
}

@online{www15,
  title   = {Strona internetowa AndroidStudio},
  url     = {https://developer.android.com/studio/intro?hl=pl},
  urldate = {2024-01-11}
}

@online{www16,
  title   = {Strona internetowa Doxygen},
  url     = {https://www.doxygen.nl/},
  urldate = {2024-01-11}
}

@online{www17,
  title   = {Strona internetowa Doxygen Awesome},
  url     = {https://github.com/jothepro/doxygen-awesome-css},
  urldate = {2024-01-11}
}

@online{www18,
  title   = {Strona internetowa LeftHook},
  url     = {https://github.com/evilmartians/lefthook},
  urldate = {2024-01-11}
}

@online{www19,
  title   = {Strona internetowa Commitlint},
  url     = {https://commitlint.js.org/},
  urldate = {2024-01-11}
}

@online{www20,
  title   = {Strona internetowa Github Actions},
  url     = {https://docs.github.com/en/actions},
  urldate = {2024-01-11}
}


@online{github-app,
  title   = {Repozytorium aplikacji mobilnej},
  url     = {https://github.com/Me-Phew/wirtualny-dziekanat-mobile},
  urldate = {2024-01-11}
}

@online{github-backend,
  title   = {Repozytorium backendu},
  url     = {https://github.com/Me-Phew/wirtualny-dziekanat-cms},
  urldate = {2024-01-11}
}

@online{backend,
  title   = {Link do backendu},
  url     = {https://wd.mateuszbasiaga.pl/},
  urldate = {2024-01-11}
}
